@book{goitein_oncology,
	author = {Goitein, Michael},
	doi = {10.1007/978-0-387-72645-8},
	isbn = {0-387-72644-6},
	issn = {1618-7210},
	publisher = {Springer New York},
	title = {{Radiation oncology : a physicist's-eye view : Biological and medical physics, biomedical engineering}},
	year = {2007}
}

@book{barrett_practical,
	author = {Barrett, Ann and Morris, Stephen and Dobbs, Jane and Roques, Tom},
	doi = {10.1201/b13373},
	edition = {4th ed.},
	isbn = {0-429-16665-6},
	publisher = {CRC Press},
	title = {{Practical Radiotherapy Planning}},
	year = {2009}
}

@article{van_herk_correctdose,
	author = {van Herk, Marcel and Remeijer, Peter and Rasch, Coen and Lebesque, Joos V.},
	doi = {10.1016/S0360-3016(00)00518-6},
	issn = {03603016},
	journal = {International Journal of Radiation Oncology*Biology*Physics},
	month = {jul},
	number = {4},
	pages = {1121--1135},
	title = {{The probability of correct target dosage: dose-population histograms for deriving treatment margins in radiotherapy}},
	url = {https://linkinghub.elsevier.com/retrieve/pii/S0360301600005186},
	volume = {47},
	year = {2000}
}

@article{klueter_technical,
	author = {Sebastian Klüter},
	doi = {10.1016/j.ctro.2019.04.007},
	issn = {2405-6308},
	journal = {Clinical and Translational Radiation Oncology},
	pages = {98-101},
	title = {{Technical design and concept of a 0.35 T MR-Linac}},
	url = {https://www.sciencedirect.com/science/article/pii/S2405630819300692},
	volume = {18},
	year = {2019}
}

@article{wu_reoptimisation,
	title={{Re-optimization in adaptive radiotherapy}},
	author = {Wu, Chuan and Jeraj, Robert and Gustavo H Olivera and Mackie, Thomas R},
	year={2002},
	journal={Physics in Medicine and Biology},
	volume={47},
	pages={3181--3195},
	url={https://iopscience.iop.org/article/10.1088/0031-9155/47/17/309},
	doi={10.1088/0031-9155/47/17/309}
}

@article{jones_bedrole,
	author = {Jones, B. and Dale, R. G. and Deehan, C. and Hopkins, K. I. and Morgan, D. A .L},
	doi = {10.1053/clon.2001.9221},
	issn = {0936-6555},
	journal = {Clinical Oncology},
	number = {2},
	pages = {71--81},
	title = {{The Role of Biologically Effective Dose (BED) in Clinical Oncology}},
	url = {https://www.sciencedirect.com/science/article/pii/S0936655501992210},
	volume = {13},
	year = {2001}
}

@article{jaffray_imageguided,
	title={{Image-guided radiotherapy: from current concept to future perspectives}},
	author={Jaffray, David A.},
	journal={Nature Reviews Clinical Oncology},
	year={2012},
	volume={9},
	doi={10.1038/nrclinonc.2012.194},
	pages={688-699}
}

@article{jaffray_conebeam,
    title = {Flat-panel cone-beam computed tomography for image-guided radiation therapy},
    journal = {International Journal of Radiation Oncology*Biology*Physics},
    volume = {53},
    number = {5},
    pages = {1337-1349},
    year = {2002},
    issn = {0360-3016},
    doi = {10.1016/S0360-3016(02)02884-5},
    url = {https://www.sciencedirect.com/science/article/pii/S0360301602028845},
    author = {Jaffray, David A.  and Siewerdsen, Jeffrey H. and Wong, John W. and Martinez, Alvaro A.}
}

@article{seungjong_deformable,
    author = {Seungjong, Oh and Siyong, Kim},
    title = {Deformable image registration in radiation therapy},
    journal = {Radiation Oncology Journal},
    volume = {35},
    number = {2},
    pages = {101-111},
    year = {2017},
    doi = {10.3857/roj.2017.00325},
    URL = {http://www.e-roj.org/journal/view.php?number=1316}
}

@article{lagendijk_integration,
    title = {MRI/linac integration},
    journal = {Radiotherapy and Oncology},
    volume = {86},
    number = {1},
    pages = {25-29},
    year = {2008},
    issn = {0167-8140},
    doi = {10.1016/j.radonc.2007.10.034},
    url = {https://www.sciencedirect.com/science/article/pii/S0167814007005476},
    author = {Lagendijk, J.J.W. and Raaymakers, Bas W. and Raaijmakers,  Alexander J.E. and Overweg, Johan}
}

@article{perezhaas_adaptive,
	author={Pérez Haas, Yoel Samuel and Ludwig, Roman and Dal Bello, Riccardo and Tanadini-Lang, Stephanie and Unkelbach, Jan},
	title={{Adaptive fractionation at the MR-linac}},
	journal={Physics in Medicine and Biology},
	url={http://iopscience.iop.org/article/10.1088/1361-6560/acafd4},
	year={2023},
	doi={10.1088/1361-6560/acafd4}
}

@mastersthesis{perezhaas_master,
	author={Pérez Haas, Yoel Samuel},
	title={{Adaptive fractionation at the MR-linac}},
	institute={Departement of Physics},
	location={University of Zurich, Switzerland},
	month = {mar},
	year={2022}
}

@article{lu_adaptI,
	author = {Lu, Weiguo and Chen, Mingli and Chen, Quan and Ruchala, Kenneth and Olivera, Gustavo},
	doi = {10.1088/0031-9155/53/19/015},
	issn = {0031-9155},
	journal = {Physics in Medicine and Biology},
	month = {sep},
	number = {19},
	pages = {5495--5511},
	title = {{Adaptive fractionation therapy: I. Basic concept and strategy}},
	url = {https://iopscience.iop.org/article/10.1088/0031-9155/53/19/015},
	volume = {53},
	year = {2008}
}

@article{chen_adaptII,
	author = {Chen, Mingli and Lu, Weiguo and Chen, Quan and Ruchala, Kenneth and Olivera, Gustavo},
	doi = {10.1088/0031-9155/53/19/016},
	issn = {0031-9155},
	journal = {Physics in Medicine and Biology},
	month = {sep},
	number = {19},
	pages = {5513--5525},
	title = {{Adaptive fractionation therapy: II. Biological effective dose}},
	url = {https://iopscience.iop.org/article/10.1088/0031-9155/53/19/016},
	volume = {53},
	year = {2008}
}

@article{ramakrishnan_adaptIII,
	author = {Ramakrishnan, Jagdish and Craft, David and Bortfeld, Thomas and Tsitsiklis, John N.},
	doi = {10.1088/0031-9155/55/5/1203},
	issn = {00319155},
	journal = {Physics in Medicine and Biology},
	month = {mar},
	number = {5},
	pages = {1203--1216},
	pmid = {22330328},
	title = {{A dynamic programming approach to adaptive fractionation}},
	volume = {57},
	year = {2012}
}


@article{acharya_onlinemrguided,
	author = {Acharya, Sahaja and Fischer-Valuck, Benjamin W. and Kashani, Rojano and Parikh, Parag and Yang, Deshan and Zhao, Tianyu and Green, Olga and Wooten, Omar and Li, H. Harold and Hu, Yanle and Rodriguez, Vivian and Olsen, Lindsey and Robinson, Clifford and Michalski, Jeff and Mutic, Sasa and Olsen, Jeffrey},
	doi = {10.1016/j.ijrobp.2015.10.015},
	issn = {03603016},
	journal = {International Journal of Radiation Oncology*Biology*Physics},
	month = {feb},
	number = {2},
	pages = {394--403},
	title = {{Online Magnetic Resonance Image Guided Adaptive Radiation Therapy: First Clinical Applications}},
	url = {https://linkinghub.elsevier.com/retrieve/pii/S0360301615265807},
	volume = {94},
	year = {2016}
}

@article{van_leeuwen_alfabeta,
	author = {van Leeuwen, C. M. and Oei, A. L. and Crezee, J. and Bel, A. and Franken, N. A. P. and Stalpers, L. J. A. and Kok, H. P.},
	doi = {10.1186/s13014-018-1040-z},
	issn = {1748-717X},
	journal = {Radiation Oncology},
	month = {dec},
	number = {1},
	pages = {96},
	title = {{The alfa and beta of tumours: a review of parameters of the linear-quadratic model, derived from clinical radiotherapy studies}},
	url = {https://ro-journal.biomedcentral.com/articles/10.1186/s13014-018-1040-z},
	volume = {13},
	year = {2018}
}

@article{ICRU50,
	author = {ICRU},
	journal = {ICRU report Volume 50},
	title = {{Prescribing, recording, and reporting photon beamtherapy}},
	year = {1993}
}

@article{ICRU62,
	author = {ICRU},
	journal = {ICRU report Volume 62},
	title = {{Prescribing, recording, and reporting photon beamtherapy (supplement to ICRU report 50)}},
	year = {1999}
}

@article{guckenberger_escalate,
	author = {Guckenberger, Matthias and Wilbert, Juergen and Richter, Anne and Baier, Kurt and Flentje, Michael},
	doi = {10.1016/j.ijrobp.2010.04.050},
	url = {https://www.sciencedirect.com/science/article/pii/S0360301610006632},
	issn = {03603016},
	journal = {International Journal of Radiation Oncology*Biology*Physics},
	month = {mar},
	number = {3},
	title = {{Potential of Adaptive Radiotherapy to Escalate the Radiation Dose in Combined Radiochemotherapy for Locally Advanced Non–Small Cell Lung Cancer}},
	volume = {79},
	year = {2011}
}

@book{sutton_reinforcement,
	address = {Cambridge, MA, USA},
	author = {Sutton, Richard S. and Barto, Andrew G.},
	isbn = {0262039249},
	publisher = {A Bradford Book},
	title = {{Reinforcement Learning: An Introduction}},
	year = {2018}
}

@misc{adaptfx_package,
  author = {Weber, Janic Tom and Pérez Haas, Yoel Samuel and Ludwig, Roman},
  title = {Adaptive Fractionation Python Package},
  year = {2023},
  publisher = {GitHub},
  journal = {GitHub repository},
  howpublished = {\url{https://github.com/openAFT/adaptfx}}
}

